<?xml version="1.0" encoding="UTF-8"?><collection xmlns="http://www.loc.gov/MARC21/slim"><record><leader>00344nam--2200121-i-4500</leader><controlfield tag="001">000006869</controlfield><controlfield tag="002">20161230</controlfield><controlfield tag="005">20161230201027</controlfield><controlfield tag="008">060222s1000------------r-----000-0-eng-d</controlfield><datafield ind1=" " ind2=" " tag="100"><subfield code="a">Bludman, S.A</subfield></datafield><datafield ind1=" " ind2=" " tag="245"><subfield code="a">Wen-chei cheng</subfield></datafield><datafield ind1=" " ind2=" " tag="260"><subfield code="a">On The Electromagnetic Form Factor Of The Neut Rino</subfield></datafield><datafield ind1=" " ind2=" " tag="490"><subfield code="a">Washington, U.S. Atomic Energy Commis., 1964. 12 P</subfield></datafield></record></collection>